<?xml version="1.0" encoding="UTF-8"?><record xmlns="http://www.loc.gov/MARC21/slim" xmlns:cinclude="http://apache.org/cocoon/include/1.0" xmlns:zs="http://www.loc.gov/zing/srw/">
  <leader>00381nz  a2200133n  4500</leader>
  <controlfield tag="001">nb 98032516 </controlfield>
  <controlfield tag="003">DLC</controlfield>
  <controlfield tag="005">19980409051620.7</controlfield>
  <controlfield tag="008">980408n| acannaab|          |n aad     c</controlfield>
  <datafield tag="010" ind1=" " ind2=" ">
    <subfield code="a">nb 98032516 </subfield>
  </datafield>
  <datafield tag="040" ind1=" " ind2=" ">
    <subfield code="a">Uk</subfield>
    <subfield code="c">Uk</subfield>
  </datafield>
  <datafield tag="100" ind1="1" ind2="0">
    <subfield code="a">Weisz, Miksa,</subfield>
    <subfield code="d">1913-</subfield>
  </datafield>
  <datafield tag="670" ind1=" " ind2=" ">
    <subfield code="a">Amíg erőmből telik, 1995</subfield>
    <subfield code="b">(statement of resp. not cited)</subfield>
  </datafield>
  <datafield tag="670" ind1=" " ind2=" ">
    <subfield code="a">BL RS&amp;CD, 8 Apr. 1998</subfield>
    <subfield code="b">(Miksa Weisz, born 1913)</subfield>
  </datafield>
</record>